%# -*- coding: utf-8-unix -*-
@inproceedings{newman2010,
  title= "Networks: An Introduction",
  author= "Michael John Newman",
  year= "2010"
}

@book{bela2001,
  author = {Bela Bollobas},
  title = {Random Graphs},
  year = {2001},
  volume = {2nd edition, , section 2.4: Random Regular Graphs},
  publisher = {Cambridge University Press}
}

@book{nicolas2017,
  author = {Nicolas Lanchier},
  title = {Stochastic Modeling},
  year = {2017},
  school = {Arizona State University, School of Mathematical and Statistical Sciences}
  publisher = {Springer Nature, DOI:1007/978-3-319-50038-6}
}


@article{boccaletti2014,
  title={The structure and dynamics of multilayer networks},
  author={Stefano Boccaletti and Ginestra Bianconi and Regino Criado and Charo I. Del Genio and Jes{\'u}s G{\'o}mez-Garde{\~n}es and Miguel Romance and Irene Sendi{\~n}a-Nadal and Zhongliang Wang and Massimiliano Zanin},
  journal={CoRR},
  year={2014},
  volume={abs/1407.0742}
}

@inproceedings{domenico2013,
  title={Mathematical Formulation of Multilayer Networks},
  author={Manlio De Domenico and Albert Sol{\'e}-Ribalta and Emanuele Cozzo and Mikko Kivel{\"a} and Yamir Moreno and Mason A. Porter and Sergio G{\'o}mez and Alexandre Arenas},
  year={2013}
}

  
@inproceedings{tomasini2015,
  title={An Introduction to Multilayer Networks},
  author={Marcello Tomasini},
  year={2015}
}
  
@thesis{namkhanhvu2017,
  author = {Nam Khanh Vu},
  title = {Robustness of Interconnected Complex Networks with Directed Dependency},
  journal = {10.13140/RG.2.2.16830.18243},
  year = {2017},
  school = {Yonsei University Department of Computer Science}
}

@article{mikko2014,
  title={Multilayer networks},
  author={Mikko Kivel{\"a} and Alexandre Arenas and Marc Barthelemy and James P. Gleeson and Yamir Moreno and Mason A. Porter},
  journal={J. Complex Networks},
  year={2014},
  volume={2},
  pages={203-271}
}
  
@article{danziger2019,
  author = {Danziger, Michael M. and Bonamassa, Ivan and Boccaletti, Stefano and Havlin and Shlomo},
  title = {Dynamic interdependence and competition in multilayer networks},
  journal = {Nature Physics},
  year = {2019},
  volume = {15},
  pages = {178-185}
}

@inproceedings{fangwu2004,
  title={Social Structure and Opinion Formation},
  author={Fang Wu and Bernardo A. Huberman},
  year={2004}}

@article{laguna2004,
  author = {M. F. Laguna et al},
  title = {The dynamics of opinion in hierarchical organizations},
  journal = {Physica A: Statistical Mechanics and its Applications},
  year = {2005},
  volume = {351},
  pages = {580-592}
}

@article{masuda2014,
  author    = {Naoki Masuda},
  title     = {Opinion control in complex networks},
  journal   = {CoRR},
  volume    = {abs/1412.2170},
  year      = {2014},
  url       = {http://arxiv.org/abs/1412.2170},
  archivePrefix = {arXiv},
  eprint    = {1412.2170},
  timestamp = {Mon, 13 Aug 2018 16:48:11 +0200},
  biburl    = {https://dblp.org/rec/bib/journals/corr/Masuda14},
  bibsource = {dblp computer science bibliography, https://dblp.org}, 
   publisher = {IOP(Institute of Physics}
}

@article{zuev2012,
  author = {Zuev A S and Fedyanin},
  title = {Models of opinion control for agents in social networks},
  journal = {Automation and Remote Control},
  year = {2012},
  pages = {1753–1764},
  volume = {73}
}

@book{bianconi2018,
  author = {GGinestra Bianconi},
  title = {Multilayer Networks: Structure and Function},
  year = {2018},
  publisher = {Oxford University Press}
}


@inproceedings{alvarez2016,
  title={Interacting Social Processes on Interconnected Networks},
  author={Lucila G Alvarez-Zuzek and Cristian E. La Rocca and F. Vazquez and Lidia A. Braunstein},
  booktitle={PloS one},
  year={2016}}

@article{gomez2015,
  title={Layer-layer competition in multiplex complex networks},
  author={Jes{\'u}s G{\'o}mez-Garde{\~n}es and Manlio De Domenico and Gerardo Guti{\'e}rrez and Alexandre Arenas and Sergio G{\'o}mez},
  journal={Philosophical transactions. Series A, Mathematical, physical, and engineering sciences},
  year={2015},
  volume={373 2056}
}
  
@article{diep2017,
  author = {Hung The Diep(LPTM) and Miron Kaufman and Sanda Kaufman},
  title = {Dynamics of two-group conflicts: A statistical physics model},
  journal = {Physica A: Statistical Mechanics and its Applications, Elsevier},
  year = {2017},
  volume = {469},
  pages = {183 - 199}
}

@article{rocca2014,
  title={The influence of persuasion in opinion formation and polarization},
  author={Cristian E. La Rocca and Lidia A. Braunstein and F. Vazquez},
  journal={CoRR},
  year={2014},
  volume={abs/1403.3011}
}
  
@article{abrams2003,
  title={Linguistics: Modelling the dynamics of language death},
  author={Daniel M. Abrams and Steven H. Strogatz},
  journal={Nature},
  year={2003},
  volume={424},
  pages={900-900}}
  
@article{patriarca2012,
  title={Modeling Two-Language Competition Dynamics},
  author={Marco Patriarca and Xavier Castell{\'o} and J. R. Uriarte and V{\'i}ctor M. Egu{\'i}luz and Maxi San Miguel},
  journal={Advances in Complex Systems},
  year={2012},
  volume={15}
}

@inproceedings{vazquez2010,
  title={Agent Based Models of Language Competition : Macroscopic descriptions and Order-Disorder transitions},
  author={Federico V{\'a}zquez and Xavier Castell{\'o} and Maxi San Miguel},
  year={2010}}

@inproceedings{mcinnes1999,
  title={Emergence of Scaling in Random Networks},
  author={Brent I. A. McInnes and Jannene S. McBride and Noreen J Evans and David D. Lambert and Anita S. Andrew},
  year={1999}
}

@article{casey2009,
  author = {Casey M. Schneider-Mizell, Leonard M. Sander},
  title = {A Generalized Voter Model on Complex Networks},
  journal = {J Stat Phys 136:59-71, DOI : 10.1007/s10955-009-9757-6},
  year = {2009},
  month = {May}
}


@thesis{kimsangwoo2012,
  author = {Kim Sangwoo},
  title = {Structure and dynamics of complex networks},
  school = {Yonsei Univ, Department of physics},
  year = {2012}
}

@thesis{sudoyi2014,
  author = {Su Do Yi},
  title = {Statistical physics of nonequilibrium systmes : Percolation, voter model, and fluctuation theorem},
  school = {Sungkyunkwan Univ, Department of physics},
  year = {2014},
  month = {Jun}
}







@book{Meta_CN,
	title = {电磁超介质及其应用},
	address = {北京},
	publisher = {国防工业出版社},
	year = {2008},
	author = {崔万照 and 马伟 and 邱乐德 and 张洪太}
}

@book{JohnD,
	title = {Photonic Crystals: Molding the Flow of Light},
	publisher = {Princeton University Press},
	year = {2008},
	author = {Joannopoulos, J. D. and Johnson, S. G. and Winn, J. N.}
}

@book{IEEE-1363,
	author={IEEE Std 1363-2000},
	title={IEEE Standard Specifications for Public-Key Cryptography},
	address={New York},
	publisher={IEEE},
	year={2000}
}

@article{chen2007act,
	author = {Chen, H. and Chan, C. T.},
	title = {Acoustic cloaking in three dimensions using acoustic metamaterials},
	journal = {Applied Physics Letters},
	year = {2007},
	volume = {91},
	pages = {183518},
	publisher = {AIP}
}

@article{chen2007ewi,
	author = {Chen, H. and Wu, B. I. and Zhang, B. and Kong, J. A.},
	title = {Electromagnetic Wave Interactions with a Metamaterial Cloak},
	journal = {Physical Review Letters},
	year = {2007},
	volume = {99},
	pages = {63903},
	number = {6},
	publisher = {APS}
}

@article{he1999,
	title = {标准动态力发生装置国内外研究现状},
	number = {2},
	journal = {机电工程},
	author = {何闻},
	year = {1999},
	pages = {47-49},
}

@inproceedings{kocher99,
	author={C. Kocher and J. Jaffe and B. Jun},
	title={Differential Power Analysis},
	editor={M. Wiener},
	booktitle={Advances in Cryptology ({CRYPTO}~'99)},
	series={Lecture Notes in Computer Science},
	volume={1666},
	pages={388-397},
	publisher={Springer-Verlag},
	month={9},
	year={1999}
}

@incollection{Krasnogor2004e,
	AUTHOR = {N. Krasnogor},
	TITLE = {Towards robust memetic algorithms},
	BOOKTITLE = {Recent Advances in Memetic Algorithms},
	PUBLISHER = {Springer Berlin Heidelberg},
	YEAR = {2004},
	PAGES = {185-207},
	EDITOR = {W.E. Hart and N. Krasnogor and J.E. Smith},
	VOLUME = {166},
	SERIES = {Studies in Fuzziness and Soft Computing},
	ADDRESS = {New York},
}

@incollection{zjsw,
	AUTHOR = {班固},
	TITLE = {苏武传},
	BOOKTITLE = {传记散文英华},
	PUBLISHER = {湖北人民出版社},
	YEAR = {1998},
	PAGES = {65-69},
	EDITOR = {郑在瀛 and 汪超宏 and 周文复},
	VOLUME = {2},
	SERIES = {新古文观止丛书},
	ADDRESS = {武汉},
}


@inbook{clzs,
	AUTHOR = {阎真},
	TITLE = {沧浪之水},
	CHAPTER = {大人物还是讲人情的},
	PAGES = {185-207},
	PUBLISHER = {人民文学出版社},
	YEAR = {2001},
}

@book{tex,
	author    = {Donald E. Knuth},
	title     = {The {\TeX} Book},
	publisher = {Addison-Wesley Publishing Company},
	address   = {Reading, MA},
	year      = 1989,
	edition   = {15th},
}

@book{companion,
	author    = {Michel Goosens and Frank Mittelbach and Alexander Samarin},
	title     = {The {\LaTeX} Companion},
	publisher = {Addison-Wesley Publishing Company},
	address   = {Reading, MA},
	PAGES = {112--125},
	year      = 1994,
}

@article{ELIDRISSI94,
	AUTHOR =       {{Chafik El Idrissi}, M. and {Roney}, A. and {Frigon}, C. and
	{Larzilli{\`e}re}, M.},
	TITLE =        {Measurements of total kinetic-energy released to the {$N=2$}
	dissociation limit of {H}$_2$ --- evidence of the dissociation
	of very high vibrational {R}ydberg states of {H}$_2$ by
	doubly-excited states},
	JOURNAL =      {Chemical Physics Letters},
	PAGES =        {260-266},
	VOLUME =       224,
	NUMBER =       10,
	YEAR =         1994,
}

@ARTICLE{MELLINGER96,
	AUTHOR =       {Mellinger, A. and Vidal, C. R. and Jungen, Ch.},
	TITLE =        {Laser reduced fluorescence study of the carbon-monoxide nd
	triplet {R}ydberg series-experimental results and multichannel
	quantum-defect analysis},
	JOURNAL =      {J. Chem. Phys.},
	PAGES =        {8913-8921},
	VOLUME =       104,
	NUMBER =       5,
	YEAR =         1996,
}

@ARTICLE{SHELL02,
	AUTHOR =       {Michael Shell},
	TITLE =        {How to Use the {IEEEtran \LaTeX} Class},
	JOURNAL =      {Journal of {\LaTeX} Class Files},
	YEAR =         2002,
	VOLUME =       12,
	NUMBER =       4,
	PAGES =        {100--120}
}

@TechReport{NPB2,
	title =        {The {NAS} Parallel Benchmarks 2.0},
	author =       {Alex Woo and David Bailey and Maurice Yarrow and Wijngaart
	Wijngaart and Tim Harris and William Saphir},
	year =         1995,
	month =        12,
	institution =  {The Pennsylvania State University CiteSeer Archives},
	url =          {http://www.nasa.org/}
}

@INPROCEEDINGS{DPMG,
	author =       {Kim, Sangbum and Woo, Namyoon and Yeom, Heon Y. and Park,
	Taesoon and Park, Hyoungwoo},
	title =        {Design and {I}mplementation of {D}ynamic {P}rocess
	{M}anagement for {G}rid-enabled {MPICH}},
	booktitle =    {the 10th European PVM/MPI Users' Group Conference},
	year =         2003,
	address =      {Venice, Italy},
	month =        sep,
}

@INPROCEEDINGS{cnproceed,
	author =       {王重阳 and 黄药师 and 欧阳峰 and 洪七公 and 段皇帝},
	title =        {武林高手论文集},
	booktitle =    {第~$N$~次华山论剑},
	year =         2006,
	address =      {西安, 中国},
	publisher = {中国古籍出版社},
	month =        sep,
}

@ARTICLE{cnarticle,
	AUTHOR =       {贾宝玉 and 林黛玉 and 薛宝钗 and 贾探春},
	TITLE =        {论刘姥姥食量大如牛之现实意义},
	JOURNAL =      {红楼梦杂谈},
	PAGES =        {260--266},
	VOLUME =       224,
	YEAR =         1800,
}

@thesis{zhubajie,
	author =       {猪八戒},
	title =        {论流体食物的持久保存},
	school =       {广寒宫大学},
	year =         2005,
	address =      {北京},
}

@thesis{shaheshang,
	title =        {论流沙河的综合治理},
	author =       {沙和尚},
	school =       {清华大学},
	year =         2005,
	address =      {北京},
}

@thesis{metamori2004,
	author =       {Ashwin Raju Jeyakumar},
	title =        {Metamori: A library for Incremental File Checkpointing},
	school =       {Virgina Tech},
	year =         2004,
	month =        7,
	address =      {Blacksburg},
}

@thesis{FistSystem01,
	AUTHOR =       {Erez Zadok},
	TITLE =        {FiST: A System for Stackable File System Code Generation},
	YEAR =         2001,
	MONTH =        {5},
	SCHOOL =       {Computer Science Department, Columbia University},
	ADDRESS =      {USA}
}

@INBOOK{ColdSources,
	AUTHOR =       {P. Gr{\"o}ning and L. Nilsson and P. Ruffieux and R.
	Clergereaux and O. Gr{\"o}ning},
	TITLE =        {Encyclopedia of Nanoscience and Nanotechnology},
	pages =        {547--579},
	PUBLISHER =    {American Scientific Publishers},
	YEAR =         2004,
	volume =       1,
}

@phdthesis{bai2008,
	title={信用风险传染模型和信用衍生品的定价},
	author={白云芬},
	year={2008},
	school={上海交通大学},
	address={上海},
}


%萧钰.出版业信息化迈人快车道[EB/OL]. (2001-12-19)[2002-04-15]. http://www.creader.com/news/20011219/200112190019. html.
@article{xiaoyu2001,
	author =       {萧钰},
	title =        {出版业信息化迈人快车道},
	year =         {2001},
	TypeofLit =    {EB/OL},
	modifydate =   {2001-12-19},
	citedate =     {2002-04-15},
	url =          {http://www.creader.com/news/20011219/200112190019.html},
}

% 在线析出文献
@article{CHRISTINE1998,
	author =       {Christine, Mlot},
	title =        {Plant physiology: plant biology in the Genome Era},
	journal =      {Science},
	volume =       {281},
	pages =        {331-332},
	year =         {1998},
	TypeofLit =    {J/OL},
	citedate =     {1998-09-23},
	url =           {http://www.sciencemag.org/cgi/collection/anatmorp},
}

@book{RManual,
	Address = {Vienna, Austria},
	Author = {{R Core Team}},
	Note = {{ISBN} 3-900051-07-0},
	Organization = {R Foundation for Statistical Computing},
	title = {R: A Language and Environment for Statistical Computing},
	url = {http://www.R-project.org/},
	Year = {2012},
}

